@article{Thomas1980,
    title = {{A discrete ordinates solution of the Fokker-Planck equation characterizing charged particle transport}},
    year = {1980},
    journal = {Journal of Computational Physics},
    author = {Mehlhorn, Thomas A. and Duderstadt, James J.},
    number = {1},
    pages = {86--106},
    volume = {38},
    doi = {10.1016/0021-9991(80)90013-3},
    issn = {00219991}
}

@article{Zhanbin2008,
    title = {{A Fokker-Planck Code for Laser-Produced}},
    year = {2008},
    journal = {Plasma Science and Technology},
    author = {Bin, Zhao},
    pages = {0--5},
    keywords = {fokker-planck, inverse bremsstrahlung absorption, laser-produced plasma}
}

@article{Capuzzo-Dolcetta2012,
    title = {{A fully parallel, high precision, N-body code running on hybrid computing platforms}},
    year = {2013},
    journal = {Journal of Computational Physics},
    author = {Capuzzo-Dolcetta, R. and Spera, M. and Punzo, D.},
    number = {1},
    pages = {580--593},
    volume = {236},
    url = {http://dx.doi.org/10.1016/j.jcp.2012.11.013},
    doi = {10.1016/j.jcp.2012.11.013},
    issn = {10902716},
    arxivId = {1207.2367},
    keywords = {Astrophysics, Methods: numerical, N body systems}
}

@article{Liu2011,
    title = {{A gyrokinetic collision operator for magnetized Lorentz plasmas}},
    year = {2011},
    journal = {Physics of Plasmas},
    author = {Liu, Chang and Qin, Hong and Ma, Chenhao and Yu, Xiongjie},
    number = {3},
    volume = {18},
    doi = {10.1063/1.3555534},
    issn = {1070664X}
}

@article{BGK1954,
    title = {{A Model for Collision Processes in Gases. I. Small Amplitude Processes in Charged and Neutral One-Component Systems}},
    year = {1954},
    journal = {Physical Review},
    author = {Bhatnagar, P. L. and Gross, E. P. and Krook, M.},
    number = {3},
    month = {5},
    pages = {511--525},
    volume = {94},
    url = {https://link.aps.org/doi/10.1103/PhysRev.94.511},
    isbn = {0769519164},
    doi = {10.1103/PhysRev.94.511},
    issn = {0031-899X},
    keywords = {Bayesian network, Image/Video understanding, Multi-level semantic network}
}

@article{Tzoufras1996,
    title = {{A Novel Multi-Dimensional Vlasov-Fokker-Planck Code for Modeling Electron{\\\}Transport in High Energy Density Plasmas}},
    year = {1996},
    journal = {Society},
    author = {{Tzoufras} and {Michail}},
    number = {1},
    pages = {10--11},
    isbn = {9781124481999},
    issn = {0277786X},
    arxivId = {arXiv:1210.1543},
    keywords = {ca cycle constraints from, of precambrian sedimentary, the ca isotope composition}
}

@article{Chang1970,
    title = {{A practical difference scheme for Fokker-Planck equations}},
    year = {1970},
    journal = {Journal of Computational Physics},
    author = {Chang, J. S. and Cooper, G.},
    number = {1},
    pages = {1--16},
    volume = {6},
    doi = {10.1016/0021-9991(70)90001-X},
    issn = {10902716}
}

@article{Thomas2012,
    title = {{A review of Vlasov-Fokker-Planck numerical modeling of inertial confinement fusion plasma}},
    year = {2012},
    journal = {Journal of Computational Physics},
    author = {Thomas, A. G.R. and Tzoufras, M. and Robinson, A. P.L. and Kingham, R. J. and Ridgers, C. P. and Sherlock, M. and Bell, A. R.},
    number = {3},
    pages = {1051--1079},
    volume = {231},
    doi = {10.1016/j.jcp.2011.09.028},
    issn = {10902716},
    keywords = {Computational, Fast electron transport, Fokker-Planck, Inertial confinement fusion, Laser, Magnetic field, Plasma, Vlasov}
}

@article{Chacon2000I,
    title = {{An Implicit Energy-Conservative 2D Fokker-Planck Algorithm: I. Difference Scheme}},
    year = {2000},
    journal = {Journal of Computational Physics},
    author = {Chac{\'{o}}n, L. and Barnes, D. C. and Knoll, D. A. and Miley, G. H.},
    number = {2},
    pages = {618--653},
    volume = {157},
    doi = {10.1006/jcph.1999.6394},
    issn = {00219991},
    keywords = {Conservative discretization, Energy-conservative Fokker-Planck, Plasma simulation}
}

@article{Chacon2000II,
    title = {{An Implicit Energy-Conservative 2D Fokker-Planck Algorithm: II. Jacobian-Free Newton-Krylov Solver}},
    year = {2000},
    journal = {Journal of Computational Physics},
    author = {Chac{\'{o}}n, L. and Barnes, D. C. and Knoll, D. A. and Miley, G. H.},
    number = {2},
    pages = {654--682},
    volume = {157},
    doi = {10.1006/jcph.1999.6395},
    issn = {00219991},
    keywords = {Energy-conservative Fokker-Planck, Implicit plasma simulation, Multigrid methods, Non-symmetric systems, Preconditioned Krylov methods}
}

@techreport{Chacon2016VFP_ICF_ppt,
    title = {{An optimal Vlasov-Fokker-Planck solver for simulation of kinetic ICF plasmas}},
    year = {2016},
    author = {Chac{\'{o}}n, L and Taitano, W T and Simakov, A N},
    address = {Los Alamos}
}

@misc{Boltzmannequation,
    title = {{Boltzmann Equation}},
    year = {1998},
    booktitle = {Wikipedia},
    author = {{Wikipedia}},
    pages = {55--64}
}

@article{Shkarofsky1963,
    title = {{Cartesian Tensor Expansion of the Fokker–Planck Equation}},
    year = {1963},
    journal = {Canadian Journal of Physics},
    author = {Shkarofsky, I. P.},
    number = {11},
    pages = {1753--1775},
    volume = {41},
    doi = {10.1139/p63-179},
    issn = {0008-4204}
}

@article{Johnston1960,
    title = {{Cartesian tensor scalar product and spherical harmonic expansions in boltzmann's equation}},
    year = {1960},
    journal = {Physical Review},
    author = {Johnston, T. Wyatt},
    number = {4},
    pages = {1103--1111},
    volume = {120},
    doi = {10.1103/PhysRev.120.1103},
    issn = {0031899X}
}

@article{Doyle2007,
    title = {{Chapter 2: Plasma confinement and transport}},
    year = {2007},
    journal = {Nuclear Fusion},
    author = {Doyle, E. J. and Houlberg, W. A. and Kamada, Y. and Mukhovatov, V. and Osborne, T. H. and Polevoi, A. and Bateman, G. and Connor, J. W. and Cordey, J. G. and Fujita, T. and Garbet, X. and Hahm, T. S. and Horton, L. D. and Hubbard, A. E. and Imbeaux, F. and Jenko, F. and Kinsey, J. E. and Kishimoto, Y. and Li, J. and Luce, T. C. and Martin, Y. and Ossipenko, M. and Parail, V. and Peeters, A. and Rhodes, T. L. and Rice, J. E. and Roach, C. M. and Rozhansky, V. and Ryter, F. and Saibene, G. and Sartori, R. and Sips, A. C.C. and Snipes, J. A. and Sugihara, M. and Synakowski, E. J. and Takenaga, H. and Takizuka, T. and Thomsen, K. and Wade, M. R. and Wilson, H. R.},
    number = {6},
    volume = {47},
    publisher = {Nu},
    doi = {10.1088/0029-5515/47/6/S02},
    issn = {00295515}
}

@article{Taitano2015I,
    title = {{Charge-and-energy conserving moment-based accelerator for a multi-species Vlasov-Fokker-Planck-Amp{\`{e}}re system, part I: Collisionless aspects}},
    year = {2015},
    journal = {Journal of Computational Physics},
    author = {Taitano, William T. and Chac{\'{o}}n, Luis},
    pages = {718--736},
    volume = {284},
    publisher = {Elsevier Inc.},
    url = {http://dx.doi.org/10.1016/j.jcp.2014.12.038},
    doi = {10.1016/j.jcp.2014.12.038},
    issn = {10902716},
    keywords = {Amp{\'{e}}re, Charge momentum energy conservation, Finite volume, Moment based acceleration, Vlasov}
}

@article{Taitano2015II,
    title = {{Charge-and-energy conserving moment-based accelerator for a multi-species Vlasov-Fokker-Planck-Amp{\`{e}}re system, part II: Collisional aspects}},
    year = {2015},
    journal = {Journal of Computational Physics},
    author = {Taitano, William T. and Knoll, Dana A. and Chac{\'{o}}n, Luis},
    month = {3},
    pages = {737--757},
    volume = {284},
    publisher = {Academic Press Inc.},
    doi = {10.1016/j.jcp.2014.09.004},
    issn = {10902716},
    keywords = {Amp{\`{e}}re, Charge and energy conservation, Fokker-Planck, Moment based acceleration, Vlasov}
}

@misc{CGs_wikipedia,
    title = {{Clebsch – Gordan coefficients}},
    year = {2020},
    booktitle = {Wikipedia},
    author = {{Clebsch} and Gordan, Paul},
    number = {3},
    pages = {1--7}
}

@article{Killeen1976,
    title = {{Computer models of magnetically confined plasmas}},
    year = {1976},
    journal = {Nuclear Fusion},
    author = {Killeen, J.},
    number = {5},
    pages = {841--864},
    volume = {16},
    doi = {10.1088/0029-5515/16/5/013},
    issn = {17414326}
}

@article{Pekker1984,
    title = {{Conservative difference schemes for the Fokker-Planck equation}},
    year = {1984},
    journal = {USSR Computational Mathematics and Mathematical Physics},
    author = {Pekker, M. S. and Khudik, V. N.},
    number = {3},
    pages = {206--210},
    volume = {24},
    doi = {10.1016/0041-5553(84)90075-2},
    issn = {00415553}
}

@article{Alouani-Bibi2005,
    title = {{Different Fokker-Planck approaches to simulate electron transport in plasmas}},
    year = {2004},
    journal = {Computer Physics Communications},
    author = {Alouani-Bibi, F. and Shoucri, M. M. and Matte, J. P.},
    number = {1-3},
    pages = {60--66},
    volume = {164},
    doi = {10.1016/j.cpc.2004.06.008},
    issn = {00104655},
    keywords = {Fokker-Planck, Laser-plasma interaction, Nonlocal electron heat transport, Rosenbluth potentials}
}

@article{Braams1987,
    title = {{Differential form of the collision integral for a relativistic plasma}},
    year = {1987},
    journal = {Physical Review Letters},
    author = {Braams, Bastiaan J. and Karney, Charles F. F.},
    number = {16},
    month = {10},
    pages = {1817--1820},
    volume = {59},
    url = {https://link.aps.org/doi/10.1103/PhysRevLett.59.1817},
    doi = {10.1103/PhysRevLett.59.1817},
    issn = {0031-9007}
}

@article{Larsen1985,
    title = {{Discretization methods for one-dimensional Fokker-Planck operators}},
    year = {1985},
    journal = {Journal of Computational Physics},
    author = {Larsen, E. W. and Levermore, C. D. and Pomraning, G. C. and Sanderson, J. G.},
    number = {3},
    pages = {359--390},
    volume = {61},
    doi = {10.1016/0021-9991(85)90070-1},
    issn = {10902716}
}

@article{Bell1981,
    title = {{Elecron energy transport in steep temperature gradients in laser-produced plasmas}},
    year = {1981},
    journal = {Physical Review Letters},
    author = {Bell, A. R. and Evans, R. G. and Nicholas, D. J.},
    number = {4},
    pages = {243--246},
    volume = {46},
    doi = {10.1103/PhysRevLett.46.243},
    issn = {00319007},
    keywords = {doi:10.1103/PhysRevLett.46.243 url:http://dx.doi.o}
}

@article{Matte1982,
    title = {{Electron Heat Transport down Steep Temperature Gradients}},
    year = {1982},
    journal = {Physical Review Letters},
    author = {Matte, J. P. and Virmont, J.},
    number = {26},
    month = {12},
    pages = {1936--1939},
    volume = {49},
    url = {https://link.aps.org/doi/10.1103/PhysRevLett.49.1936},
    isbn = {9788578110796},
    doi = {10.1103/PhysRevLett.49.1936},
    issn = {0031-9007},
    pmid = {25246403},
    arxivId = {arXiv:1011.1669v3},
    keywords = {icle}
}

@article{Gould1971,
    title = {{Energy loss of a fast ion in a plasma}},
    year = {1971},
    journal = {Physics Letters A},
    author = {Gould, R. J.},
    number = {6},
    pages = {485--486},
    volume = {36},
    doi = {10.1016/0375-9601(71)90658-X},
    issn = {03759601}
}

@article{Krook1977,
    title = {{Exact solutions of the Boltzmann equation}},
    year = {1977},
    journal = {Physics of Fluids},
    author = {Krook, Max and Wu, Tai Tsun},
    number = {10},
    pages = {1589--1596},
    volume = {20},
    doi = {10.1063/1.861780},
    issn = {10706631}
}

@techreport{FP_lecture,
    title = {{Existence and Uniqueness of Solutions for the FP Equation}},
    author = {Lecture Notes, Imperial}
}

@article{Shkarofsky1997,
    title = {{Expansion of the relativistic Fokker-Planck equation including non-linear terms and a non-Maxwellian background}},
    year = {1997},
    journal = {Physics of Plasmas},
    author = {Shkarofsky, I. P.},
    number = {7},
    pages = {2464--2481},
    volume = {4},
    doi = {10.1063/1.872227},
    issn = {1070664X}
}

@article{Whitney1970,
    title = {{Finite difference methods for the Fokker-Planck equation}},
    year = {1970},
    journal = {Journal of Computational Physics},
    author = {Whitney, James C.},
    number = {3},
    pages = {483--509},
    volume = {6},
    doi = {10.1016/0021-9991(70)90044-6},
    issn = {10902716}
}

@article{FP_wikipedia,
    title = {{Fokker – Planck equation}},
    year = {2023},
    journal = {Wikipedia},
    author = {Bogoliubov, Nikolay and Equation, Smoluchowski Diffusion},
    pages = {1--11}
}

@article{Rosenbluth1957,
    title = {{Fokker-planck equation for an inverse-square force}},
    year = {1957},
    journal = {Physical Review},
    author = {Rosenbluth, Marshall N. and MacDonald, William M. and Judd, David L.},
    number = {1},
    pages = {1--6},
    volume = {107},
    doi = {10.1103/PhysRev.107.1},
    issn = {0031899X},
    keywords = {doi:10.1103/PhysRev.107.1 url:http://dx.doi.org/10}
}

@book{Boltzmann1966,
    title = {{Further Studies on the Thermal Equilibrium of Gas Molecules *}},
    year = {1966},
    booktitle = {Irreversible Processes},
    author = {Boltzmann, LUDWIG},
    number = {1872},
    pages = {88--175},
    volume = {I},
    publisher = {Pergamon Press Ltd.},
    url = {http://dx.doi.org/10.1016/B978-0-08-011869-7.50009-6},
    doi = {10.1016/b978-0-08-011869-7.50009-6}
}

@article{Garbet2010,
    title = {{Gyrokinetic simulations of turbulent transport}},
    year = {2010},
    journal = {Nuclear Fusion},
    author = {Garbet, X. and Idomura, Y. and Villard, L. and Watanabe, T. H.},
    number = {4},
    volume = {50},
    doi = {10.1088/0029-5515/50/4/043002},
    issn = {00295515}
}

@misc{Epperlein1994,
    title = {{Implicit and conservative difference scheme for the fokker-planck equation}},
    year = {1994},
    booktitle = {Journal of Computational Physics},
    author = {Epperlein, E. M.},
    number = {2},
    pages = {291--297},
    volume = {112},
    doi = {10.1006/jcph.1994.1101},
    issn = {00219991}
}

@phdthesis{Thesis2019Tableman,
    title = {{Kinetic Plasma Simulation: Meeting the Demands of Increased Complexity}},
    year = {2019},
    author = {{Adam Ryan Tableman}},
    url = {https://escholarship.org/uc/item/98q8g2m6},
    school = {UCLA},
    address = {Los Angeles}
}

@article{Heikkinen2007,
    title = {{Kinetic, two-fluid and MHD simulations of plasmas}},
    year = {2007},
    journal = {Plasma Physics and Controlled Fusion},
    author = {Heikkinen, J. A. and L{\"{o}}nnroth, J.},
    number = {12 B},
    volume = {49},
    doi = {10.1088/0741-3335/49/12B/S44},
    issn = {07413335}
}

@article{Baldwin1977,
    title = {{Magnetized plasma kinetic theory. II. Derivation of Rosenbluth potentials for a uniform magnetized plasma}},
    year = {1977},
    journal = {Plasma Physics},
    author = {Baldwin, D. E. and Watson, C. J.H.},
    number = {6},
    pages = {517--528},
    volume = {19},
    doi = {10.1088/0032-1028/19/6/003},
    issn = {00321028}
}

@article{Hirshman1976,
    title = {{Neoclassical transport theory of a multispecies plasma in the low collision frequency regime}},
    year = {1976},
    journal = {Physics of Fluids},
    author = {Hirshman, S. P. and Sigmar, D. J. and Clarke, J. F.},
    number = {5},
    pages = {656--666},
    volume = {19},
    url = {https://doi.org/10.1063/1.861524},
    doi = {10.1063/1.861524},
    issn = {10706631}
}

@article{AbramovitchPPT,
    title = {{NORSE Simulation of Runaway Electrons on Short Timescales in Tokamak Plasmas}},
    author = {Abramovitch, David and Liu, Chang and Brennan, Dylan}
}

@article{Stahl2017,
    title = {{NORSE: A solver for the relativistic non-linear Fokker–Planck equation for electrons in a homogeneous plasma}},
    year = {2017},
    journal = {Computer Physics Communications},
    author = {Stahl, A. and Landreman, M. and Embr{\'{e}}us, O. and F{\"{u}}l{\"{o}}p, T.},
    pages = {269--279},
    volume = {212},
    publisher = {Elsevier B.V.},
    url = {http://dx.doi.org/10.1016/j.cpc.2016.10.024},
    doi = {10.1016/j.cpc.2016.10.024},
    issn = {00104655},
    arxivId = {1608.02742},
    keywords = {Energetic electrons, Kinetic plasma theory, Non-linear relativistic Fokker–Planck equation, Runaway electrons}
}

@article{Shkarofsky1992,
    title = {{Numerical solution of the Fokker-Planck equation with a dc electric field}},
    year = {1992},
    journal = {Computer Physics Communications},
    author = {Shkarofsky, I. P. and Shoucri, M. M. and Fuchs, V.},
    number = {3},
    pages = {269--284},
    volume = {71},
    doi = {10.1016/0010-4655(92)90014-P},
    issn = {00104655},
    keywords = {dc electric field, electron collisions, fokker, full electron, legendre expansion, nonlin-, pep, planck, twode-}
}

@article{Arsenev1991,
    title = {{On the connection between a solution of the boltzmann equation and a solution of the landau-fokker-planck equation}},
    year = {1991},
    journal = {Mathematics of the USSR - Sbornik},
    author = {Arsen'ev, A. A. and Buryak, O. E.},
    number = {2},
    pages = {465--478},
    volume = {69},
    doi = {10.1070/SM1991v069n02ABEH001244},
    issn = {21695288}
}

@article{Bobylev1976,
    title = {{On the numerical solution of Landau's kinetic equation}},
    year = {1976},
    journal = {USSR Computational Mathematics and Mathematical Physics},
    author = {Bobylev, A. V. and Chuyanov, V. A.},
    number = {2},
    pages = {121--130},
    volume = {16},
    doi = {10.1016/0041-5553(76)90109-9},
    issn = {00415553}
}

@article{Lenard1958,
    title = {{Plasma oscillations with diffusion in velocity space}},
    year = {1958},
    journal = {Physical Review},
    author = {Lenard, A. and Bernstein, Ira B.},
    number = {5},
    pages = {1456--1459},
    volume = {112},
    doi = {10.1103/PhysRev.112.1456},
    issn = {0031899X}
}

@article{Liboff1967,
    title = {{Properties of the Fokker-Planck equation}},
    year = {1967},
    journal = {Physics of Fluids},
    author = {Liboff, Richard L. and Fedele, James B.},
    number = {7},
    pages = {1391--1402},
    volume = {10},
    doi = {10.1063/1.1762297},
    issn = {10706631}
}

@article{Thomas2009,
    title = {{Rapid self-magnetization of laser speckles in plasmas by nonlinear anisotropic instability}},
    year = {2009},
    journal = {New Journal of Physics},
    author = {Thomas, A. G.R. and Kingham, R. J. and Ridgers, C. P.},
    volume = {11},
    doi = {10.1088/1367-2630/11/3/033001},
    issn = {13672630}
}

@article{MacDonald1957,
    title = {{Relaxation of a system of particles with coulomb interactions}},
    year = {1957},
    journal = {Physical Review},
    author = {MacDonald, W. M. and Rosenbluth, M. N. and Chuck, Wong},
    number = {2},
    pages = {350--353},
    volume = {107},
    doi = {10.1103/PhysRev.107.350},
    issn = {0031899X}
}

@article{Sestak1972,
    title = {{Spherical harmonics and Cartesian tensor scalar product expansion in the Fokker-Planck equation}},
    year = {1972},
    journal = {Czechoslovak Journal of Physics},
    author = {{\v{S}}est{\'{a}}k, B.},
    number = {5},
    pages = {341--355},
    volume = {22},
    doi = {10.1007/BF01690695},
    issn = {00114626}
}

@misc{Chandrasekhar1943,
    title = {{Stochastic problems in physics and astronomy}},
    year = {1943},
    booktitle = {Reviews of Modern Physics},
    author = {Chandrasekhar, S.},
    number = {1},
    pages = {1--89},
    volume = {15},
    doi = {10.1103/RevModPhys.15.1},
    issn = {00346861}
}

@article{Epperlein1984,
    title = {{The accuracy of Braginskii's transport coefficients for a Lorentz plasma}},
    year = {1984},
    journal = {Journal of Physics D: Applied Physics},
    author = {Epperlein, E. M.},
    number = {9},
    pages = {1823--1827},
    volume = {17},
    doi = {10.1088/0022-3727/17/9/007},
    issn = {00223727}
}

@article{Cohen1950,
    title = {{The electrical conductivity of an ionized gas}},
    year = {1950},
    journal = {Physical Review},
    author = {Cohen, Robert S. and Spitzer, Lyman and Routly, Paul Mc R.},
    number = {2},
    pages = {230--238},
    volume = {80},
    doi = {10.1103/PhysRev.80.230},
    issn = {0031899X}
}

@misc{DEGOND1992,
    title = {{the Fokker-Planck Asymptotics of the Boltzmann Collision Operator in the Coulomb Case}},
    year = {1992},
    booktitle = {Mathematical Models and Methods in Applied Sciences},
    author = {DEGOND, P. and LUCQUIN-DESREUX, B.},
    number = {02},
    pages = {167--182},
    volume = {02},
    doi = {10.1142/s0218202592000119},
    issn = {0218-2025}
}

@book{Hazeltine2018,
    title = {{The Framework of Plasma Physics}},
    year = {2018},
    author = {Hazeltine, Richard D. and Waelbroeck, François L.},
    month = {3},
    publisher = {CRC Press},
    url = {https://www.taylorfrancis.com/books/9780429971358},
    isbn = {9780429502804},
    doi = {10.1201/9780429502804}
}

@article{Landau1937,
    title = {{The kinetic equation in the case of Coulomb interaction}},
    year = {1937},
    journal = {Zh. Eksper. i Theoret. Fiz. 7 (2) },
    author = {{L. D. Landau}}
}

@article{Shkarofsky1967,
    title = {{The Particle Kinetics of Plasmas}},
    year = {1967},
    journal = {American Journal of Physics},
    author = {Shkarofsky, I. P. and Johnston, T. W. and Bachynski, M. P. and Hirshfield, J. L.},
    number = {6},
    month = {6},
    pages = {551--552},
    volume = {35},
    publisher = {American Association of Physics Teachers (AAPT)},
    doi = {10.1119/1.1974182},
    issn = {0002-9505}
}

@article{Spitzer1953,
    title = {{Transport phenomena in a completely ionized gas}},
    year = {1953},
    journal = {Physical Review},
    author = {Spitzer, Lyman and H{\"{a}}rm, Richard},
    number = {5},
    pages = {977--981},
    volume = {89},
    doi = {10.1103/PhysRev.89.977},
    issn = {0031899X}
}

@article{Epperlein1988,
    title = {{Two-Dimensional Nonlocal Electron Transport in Laser-Produced Plasmas}},
    year = {1988},
    journal = {Physical Review Letters},
    author = {Epperlein, E. M. and Rickard, G. J. and Bell, A. R.},
    number = {21},
    month = {11},
    pages = {2453--2456},
    volume = {61},
    url = {https://link.aps.org/doi/10.1103/PhysRevLett.61.2453},
    doi = {10.1103/PhysRevLett.61.2453},
    issn = {0031-9007}
}

@article{CFL1986,
    title = {{{\"{U}}ber die partiellen Differenzengleichungen der mathematischen Physik}},
    year = {1986},
    journal = {Kurt Otto Friedrichs},
    author = {Courant, R. and Friedrichs, K. and Lewy, H.},
    pages = {53--95},
    doi = {10.1007/978-1-4612-5385-3{\_}7}
}

@article{Shkarofsky1961Values,
    title = {{VALUES OF THE TRANSPORT COEFFICIENTS IN A PLASMA FOR ANY DEGREE OF IONIZATION BASED ON A MAXWELLIAN DISTRIBUTION}},
    year = {1961},
    journal = {Canadian Journal of Physics},
    author = {Shkarofsky, I. P.},
    number = {11},
    month = {11},
    pages = {1619--1703},
    volume = {39},
    url = {http://www.nrcresearchpress.com/doi/10.1139/p61-192},
    isbn = {9998054000170},
    doi = {10.1139/p61-192},
    issn = {0008-4204}
}

@article{Boltzmann1872,
    title = {{Weitere Studien uber das Warmegleichgewicht unter Gas-molekulen}},
    year = {1872},
    journal = {Wissenschaftliche Abhandlungen},
    author = {Boltzmann, Von Lndwig}
}

@article{Jin2011AEquation,
    title = {{A class of asymptotic-preserving schemes for the Fokker-Planck-Landau equation}},
    year = {2011},
    journal = {Journal of Computational Physics},
    author = {Jin, Shi and Yan, Bokai},
    number = {17},
    pages = {6420--6437},
    volume = {230},
    doi = {10.1016/j.jcp.2011.04.002},
    issn = {10902716},
    keywords = {Asymptotic-preserving schemes, Fluid dynamic limit, Fokker-Planck-Landau equation}
}

@article{Hornsby2010ATurbulence,
    title = {{A code to solve the Vlasov-Fokker-Planck equation applied to particle transport in magnetic turbulence}},
    year = {2010},
    journal = {Plasma Physics and Controlled Fusion},
    author = {Hornsby, W. A. and Bell, A. R. and Kingham, R. J. and Dendy, R. O.},
    number = {7},
    volume = {52},
    doi = {10.1088/0741-3335/52/7/075011},
    issn = {07413335}
}

@article{Ghiroldi2014ADiscretization,
    title = {{A direct method for the Boltzmann equation based on a pseudo-spectral velocity space discretization}},
    year = {2014},
    journal = {Journal of Computational Physics},
    author = {Ghiroldi, G. P. and Gibelli, L.},
    pages = {568--584},
    volume = {258},
    publisher = {Elsevier Inc.},
    url = {http://dx.doi.org/10.1016/j.jcp.2013.10.055},
    doi = {10.1016/j.jcp.2013.10.055},
    issn = {10902716},
    arxivId = {1303.6825},
    keywords = {Boltzmann equation, Deterministic solution, Galerkin method, Gaussian quadrature, Half- and full-range Hermite polynomials}
}

@article{Rack2017APlasma,
    title = {{A fluid-kinetic approach for 3D plasma edge transport in He plasma}},
    year = {2017},
    journal = {Nuclear Fusion},
    author = {Rack, M. and Reiter, D. and Hasenbeck, F. and Feng, Y. and B{\"{o}}rner, P. and Weger, A. C. and Cosfeld, J.},
    number = {5},
    volume = {57},
    doi = {10.1088/1741-4326/aa60e4},
    issn = {17414326},
    keywords = {3D plasma edge transport, helium plasma, stellarator}
}

@article{Daniel2020AElectrons,
    title = {{A fully implicit, scalable, conservative nonlinear relativistic Fokker–Planck 0D-2P solver for runaway electrons}},
    year = {2020},
    journal = {Computer Physics Communications},
    author = {Daniel, Don and Taitano, William T. and Chac{\'{o}}n, Luis},
    pages = {107361},
    volume = {254},
    publisher = {Elsevier B.V.},
    url = {https://doi.org/10.1016/j.cpc.2020.107361},
    doi = {10.1016/j.cpc.2020.107361},
    issn = {00104655},
    keywords = {Adaptive potential boundaries, Anderson Acceleration, Fully implicit solver, Multigrid-preconditioned GMRES, Relativistic-Fokker–Planck, Runaway electrons, Strict conservation properties}
}

@article{Xia2017AApplications,
    title = {{A hybrid vlasov fokker-planck code for laboratory astrophysics applications}},
    year = {2017},
    journal = {44th EPS Conference on Plasma Physics, EPS 2017},
    author = {Xia, Q. and McGinn, P. and Reville, B.},
    pages = {5--8},
    isbn = {9781510849303}
}

@article{Taitano2015AEquation,
    title = {{A mass, momentum, and energy conserving, fully implicit, scalable algorithm for the multi-dimensional, multi-species Rosenbluth-Fokker-Planck equation}},
    year = {2015},
    journal = {Journal of Computational Physics},
    author = {Taitano, W. T. and Chac{\'{o}}n, L. and Simakov, A. N. and Molvig, K.},
    pages = {357--380},
    volume = {297},
    publisher = {Elsevier Inc.},
    url = {http://dx.doi.org/10.1016/j.jcp.2015.05.025},
    doi = {10.1016/j.jcp.2015.05.025},
    issn = {10902716},
    keywords = {Conservative discretization, Fokker-Planck, Fully implicit algorithms, Jacobian-free Newton-Krylov, Multigrid preconditioning, Rosenbluth potentials}
}

@article{Tzoufras2013APlasmas,
    title = {{A multi-dimensional Vlasov-Fokker-Planck code for arbitrarily anisotropic high-energy-density plasmas}},
    year = {2013},
    journal = {Physics of Plasmas},
    author = {Tzoufras, M. and Tableman, A. and Tsung, F. S. and Mori, W. B. and Bell, A. R.},
    number = {5},
    volume = {20},
    doi = {10.1063/1.4801750},
    issn = {1070664X}
}

@article{Wang1999AStudies,
    title = {{A new bdelta <i>f</i> method for neoclassical transport studies}},
    year = {1999},
    journal = {Plasma Physics and Controlled Fusion},
    author = {Wang, W X and Nakajima, N and Okamoto, M and Murakami, S},
    number = {9},
    month = {9},
    pages = {1091--1108},
    volume = {41},
    url = {https://iopscience.iop.org/article/10.1088/0741-3335/41/9/303},
    doi = {10.1088/0741-3335/41/9/303},
    issn = {0741-3335}
}

@article{Zhao2014AEquations,
    title = {{A positivity-preserving semi-implicit discontinuous Galerkin scheme for solving extended magnetohydrodynamics equations}},
    year = {2014},
    journal = {Journal of Computational Physics},
    author = {Zhao, Xuan and Yang, Yang and Seyler, Charles E.},
    pages = {400--415},
    volume = {278},
    publisher = {Elsevier Inc.},
    url = {http://dx.doi.org/10.1016/j.jcp.2014.08.044},
    doi = {10.1016/j.jcp.2014.08.044},
    issn = {10902716},
    keywords = {Discontinuous Galerkin, HED plasma, Magnetohydrodynamics, Positivity-preserving, Relaxation method, Two-fluid}
}

@article{Touati2014APlasmas,
    title = {{A reduced model for relativistic electron beam transport in solids and dense plasmas}},
    year = {2014},
    journal = {New Journal of Physics},
    author = {Touati, M. and Feugeas, J. L. and Nicola{\"{i}}, Ph and Santos, J. J. and Gremillet, L. and Tikhonchuk, V. T.},
    volume = {16},
    publisher = {IOP Publishing},
    doi = {10.1088/1367-2630/16/7/073014},
    issn = {13672630},
    keywords = {Vlasov-Fokker-Planck, hybrid model, relativistic electron beam}
}

@article{Haines2011AZ-pinch,
    title = {{A review of the dense Z-pinch}},
    year = {2011},
    journal = {Plasma Physics and Controlled Fusion},
    author = {Haines, M. G.},
    number = {9},
    volume = {53},
    doi = {10.1088/0741-3335/53/9/093001},
    issn = {07413335}
}

@article{Jenny2010AMotion,
    title = {{A solution algorithm for the fluid dynamic equations based on a stochastic model for molecular motion}},
    year = {2010},
    journal = {Journal of Computational Physics},
    author = {Jenny, Patrick and Torrilhon, Manuel and Heinz, Stefan},
    number = {4},
    pages = {1077--1098},
    volume = {229},
    publisher = {Elsevier Inc.},
    url = {http://dx.doi.org/10.1016/j.jcp.2009.10.008},
    doi = {10.1016/j.jcp.2009.10.008},
    issn = {10902716},
    keywords = {Boltzman equation, Fokker-Planck equation, Kinetic gas theory, Monte-Carlo method, PDF methods, Stochastic differential equations}
}

@article{Tzoufras2011APhysics,
    title = {{A Vlasov-Fokker-Planck code for high energy density physics}},
    year = {2011},
    journal = {Journal of Computational Physics},
    author = {Tzoufras, M. and Bell, A. R. and Norreys, P. A. and Tsung, F. S.},
    number = {17},
    pages = {6475--6494},
    volume = {230},
    doi = {10.1016/j.jcp.2011.04.034},
    issn = {10902716},
    keywords = {Electron transport, Fokker-Planck, High energy density physics, Laser fusion, Numerical methods, Spherical harmonics, Vlasov}
}

@article{Brambilla2009AdvancesPlasmas,
    title = {{Advances in numerical simulations of ion cyclotron heating of non-Maxwellian plasmas}},
    year = {2009},
    journal = {Nuclear Fusion},
    author = {Brambilla, M. and Bilato, R.},
    number = {8},
    volume = {49},
    doi = {10.1088/0029-5515/49/8/085004},
    issn = {00295515}
}

@article{Jourdan2016AnApproach,
    title = {{An accurate scheme to solve cluster dynamics equations using a Fokker–Planck approach}},
    year = {2016},
    journal = {Computer Physics Communications},
    author = {Jourdan, T. and Stoltz, G. and Legoll, F. and Monasse, L.},
    pages = {170--178},
    volume = {207},
    publisher = {Elsevier B.V.},
    url = {http://dx.doi.org/10.1016/j.cpc.2016.06.001},
    doi = {10.1016/j.cpc.2016.06.001},
    issn = {00104655},
    arxivId = {1604.07000},
    keywords = {Cluster dynamics, Fokker–Planck equation, Ostwald ripening, Rate equations}
}

@article{Taitano2016AnRegimes,
    title = {{An adaptive, conservative 0D-2V multispecies Rosenbluth-Fokker-Planck solver for arbitrarily disparate mass and temperature regimes}},
    year = {2016},
    journal = {Journal of Computational Physics},
    author = {Taitano, W. T. and Chac{\'{o}}n, L. and Simakov, A. N.},
    pages = {391--420},
    volume = {318},
    publisher = {Elsevier Inc.},
    url = {http://dx.doi.org/10.1016/j.jcp.2016.03.071},
    doi = {10.1016/j.jcp.2016.03.071},
    issn = {10902716},
    keywords = {Asymptotics, Conservative discretization, Fokker-Planck, Rosenbluth potentials, Thermal velocity based adaptive grid}
}

@article{Dimarco2014AnPlasmas,
    title = {{An asymptotic preserving automatic domain decomposition method for the Vlasov-Poisson-BGK system with applications to plasmas}},
    year = {2014},
    journal = {Journal of Computational Physics},
    author = {Dimarco, Giacomo and Mieussens, Luc and Rispoli, Vittorio},
    pages = {122--139},
    volume = {274},
    publisher = {Elsevier Inc.},
    url = {http://dx.doi.org/10.1016/j.jcp.2014.06.002},
    doi = {10.1016/j.jcp.2014.06.002},
    issn = {10902716},
    keywords = {Asymptotic accuracy, Asymptotic preservation, Kinetic-fluid coupling, Plasmas simulations, Vlasov-BGK-Poisson system}
}

@article{Larroche2007AnTensor,
    title = {{An efficient explicit numerical scheme for diffusion-type equations with a highly inhomogeneous and highly anisotropic diffusion tensor}},
    year = {2007},
    journal = {Journal of Computational Physics},
    author = {Larroche, O.},
    number = {1},
    pages = {436--450},
    volume = {223},
    doi = {10.1016/j.jcp.2006.09.016},
    issn = {10902716},
    keywords = {Advection-diffusion, Explicit schemes, Fokker-Planck equation, Thermonuclear fusion}
}

@article{Gorji2014AnFlows,
    title = {{An efficient particle Fokker-Planck algorithm for rarefied gas flows}},
    year = {2014},
    journal = {Journal of Computational Physics},
    author = {Gorji, M. Hossein and Jenny, Patrick},
    pages = {325--343},
    volume = {262},
    publisher = {Elsevier Inc.},
    url = {http://dx.doi.org/10.1016/j.jcp.2013.12.046},
    doi = {10.1016/j.jcp.2013.12.046},
    issn = {10902716},
    keywords = {Fokker-Planck equation, Kinetic models, Rarefied gas flows}
}

@article{Degond1994AnTheory,
    title = {{An entropy scheme for the Fokker-Planck collisionoperator of plasma kinetic theory}},
    year = {1994},
    journal = {Numerische Mathematik},
    author = {Degond, Pierre and Lucquin-Desreux, Brigitte},
    number = {2},
    pages = {239--262},
    volume = {68},
    doi = {10.1007/s002110050059},
    issn = {09453245},
    keywords = {Mathematics Subject Classification (1991): 65M06,}
}

@article{Taitano2017AnGeometry,
    title = {{An equilibrium-preserving discretization for the nonlinear Rosenbluth–Fokker–Planck operator in arbitrary multi-dimensional geometry}},
    year = {2017},
    journal = {Journal of Computational Physics},
    author = {Taitano, W. T. and Chac{\'{o}}n, L. and Simakov, A. N.},
    pages = {453--460},
    volume = {339},
    publisher = {Elsevier Inc.},
    url = {http://dx.doi.org/10.1016/j.jcp.2017.03.032},
    doi = {10.1016/j.jcp.2017.03.032},
    issn = {10902716},
    keywords = {Conservative discretization, Exact analytical equilibrium preserving, Fokker–Planck, Multiple dimensions, Rosenbluth potentials}
}

@article{Kingham2004AnFields,
    title = {{An implicit Vlasov-Fokker-Planck code to model non-local electron transport in 2-D with magnetic fields}},
    year = {2004},
    journal = {Journal of Computational Physics},
    author = {Kingham, R. J. and Bell, A. R.},
    number = {1},
    pages = {1--34},
    volume = {194},
    isbn = {4402075947},
    doi = {10.1016/j.jcp.2003.08.017},
    issn = {00219991},
    keywords = {Electron transport, Finite difference scheme, Fokker-Planck, Implicit, Magnetic field, Maxwell's equations, Non-local, Plasma, Sparse matrix, Vlasov}
}

@article{Hesam2012AnalyticalMethod,
    title = {{Analytical solution for the FokkerPlanck equation by differential transform method}},
    year = {2012},
    journal = {Scientia Iranica},
    author = {Hesam, S. and Nazemi, A. R. and Haghbin, A.},
    number = {4},
    pages = {1140--1145},
    volume = {19},
    publisher = {Elsevier B.V.},
    url = {http://dx.doi.org/10.1016/j.scient.2012.06.018},
    doi = {10.1016/j.scient.2012.06.018},
    issn = {10263098},
    keywords = {Brownian motion, Closed form solution, Differential transform method, Fokker planck equation, Kolmogorov equation}
}

@article{Dubroca2010AngularEquation,
    title = {{Angular moment model for the Fokker-Planck equation}},
    year = {2010},
    journal = {European Physical Journal D},
    author = {Dubroca, B. and Feugeas, J. L. and Frank, M.},
    number = {2},
    pages = {301--307},
    volume = {60},
    doi = {10.1140/epjd/e2010-00190-8},
    issn = {14346060}
}

@article{Robinson2008ArtificialPulses,
    title = {{Artificial collimation of fast-electron beams with two laser pulses}},
    year = {2008},
    journal = {Physical Review Letters},
    author = {Robinson, A. P.L. and Sherlock, M. and Norreys, P. A.},
    number = {2},
    pages = {1--4},
    volume = {100},
    doi = {10.1103/PhysRevLett.100.025002},
    issn = {00319007}
}

@techreport{Molvig2003CollisionsTheory,
    title = {{Collisions and Transport Theory}},
    year = {2003},
    booktitle = {MIT 22.616 Class notes},
    author = {Molvig, Kim},
    pages = {1--15},
    institution = {MIT}
}

@book{Killeen1986ComputationalPlasmas,
    title = {{Computational Methods for Kinetic Models of Magnetically Confined Plasmas}},
    year = {1986},
    author = {Killeen, J. and Kerbel, G. D. and McCoy, M. G. and Mirin, A. A.},
    publisher = {Springer Berlin Heidelberg},
    url = {http://link.springer.com/10.1007/978-3-642-85954-0},
    address = {Berlin, Heidelberg},
    isbn = {978-3-642-85956-4},
    doi = {10.1007/978-3-642-85954-0}
}

@article{Parra2015EquivalenceSimulations,
    title = {{Equivalence of two different approaches to global {$\delta$}f gyrokinetic simulations}},
    year = {2015},
    journal = {Plasma Physics and Controlled Fusion},
    author = {Parra, Felix I. and Barnes, Michael},
    number = {5},
    volume = {57},
    publisher = {IOP Publishing},
    doi = {10.1088/0741-3335/57/5/054003},
    issn = {13616587},
    arxivId = {1409.3091},
    keywords = {flux tube, gyrokinetic, turbulence}
}

@article{Li2015Erratum:3059,
    title = {{Erratum: Charged-particle stopping powers in inertial confinement fusion plasmas (Physical Review Letters 1993:70 (3059))}},
    year = {2015},
    journal = {Physical Review Letters},
    author = {Li, Chi Kang and Petrasso, Richard D.},
    number = {19},
    pages = {199901},
    volume = {114},
    doi = {10.1103/PhysRevLett.114.199901},
    issn = {10797114}
}

@article{Willingale2010FastElectrons,
    title = {{Fast advection of magnetic fields by hot electrons}},
    year = {2010},
    journal = {Physical Review Letters},
    author = {Willingale, L. and Thomas, A. G.R. and Nilson, P. M. and Kaluza, M. C. and Bandyopadhyay, S. and Dangor, A. E. and Evans, R. G. and Fernandes, P. and Haines, M. G. and Kamperidis, C. and Kingham, R. J. and Minardi, S. and Notley, M. and Ridgers, C. P. and Rozmus, W. and Sherlock, M. and Tatarakis, M. and Wei, M. S. and Najmudin, Z. and Krushelnick, K.},
    number = {9},
    pages = {1--4},
    volume = {105},
    doi = {10.1103/PhysRevLett.105.095001},
    issn = {00319007}
}

@article{Bell2006FastEquation,
    title = {{Fast electron transport in laser-produced plasmas and the KALOS code for solution of the Vlasov-Fokker-Planck equation}},
    year = {2006},
    journal = {Plasma Physics and Controlled Fusion},
    author = {Bell, A. R. and Robinson, A. P.L. and Sherlock, M. and Kingham, R. J. and Rozmus, W.},
    number = {3},
    volume = {48},
    doi = {10.1088/0741-3335/48/3/R01},
    issn = {07413335}
}

@article{Pareschi2000FastOperator,
    title = {{Fast Spectral Methods for the Fokker-Planck-Landau Collision Operator}},
    year = {2000},
    journal = {Journal of Computational Physics},
    author = {Pareschi, L. and Russo, G. and Toscani, G.},
    number = {1},
    pages = {216--236},
    volume = {165},
    doi = {10.1006/jcph.2000.6612},
    issn = {00219991},
    keywords = {Fast Fourier transform, Fokker-Planck-Landau equation, Spectral methods}
}

@article{Dong2016Fokker-PlanckField,
    title = {{Fokker-Planck equation in the presence of a uniform magnetic field}},
    year = {2016},
    journal = {Physics of Plasmas},
    author = {Dong, Chao and Zhang, Wenlu and Li, Ding},
    number = {8},
    volume = {23},
    doi = {10.1063/1.4960030},
    issn = {10897674}
}

@article{Peigney2014Fokker-PlanckPlasma,
    title = {{Fokker-Planck kinetic modeling of suprathermal {$\alpha$}-particles in a fusion plasma}},
    year = {2014},
    journal = {Journal of Computational Physics},
    author = {Peigney, B. E. and Larroche, O. and Tikhonchuk, V.},
    pages = {416--444},
    volume = {278},
    publisher = {Elsevier Inc.},
    url = {http://dx.doi.org/10.1016/j.jcp.2014.08.033},
    doi = {10.1016/j.jcp.2014.08.033},
    issn = {10902716},
    keywords = {Explicit schemes, Fokker-Planck equation, Fusion reactions, Inertial confinement fusion plasma, Kinetic effects, Multi-scale coupling, Suprathermal particles}
}

@article{Mousseau1996FullyPlasmas,
    title = {{Fully Implicit Kinetic Modelling of Collisional Plasmas}},
    year = {1996},
    journal = {Journal of Computational Physics},
    author = {Mousseau, V A},
    pages = {308--323},
    volume = {136},
    url = {https://ac.els-cdn.com/S0021999197957363/1-s2.0-S0021999197957363-main.pdf?_tid=119f9e9e-53ac-49f8-bb99-173f2ef065c5&acdnat=1551692110_c5cad03417dc26ecf55365212d71d863}
}

@techreport{Mousseau1997FullyPlasmas,
    title = {{Fully Implicit Kinetic Solution of Collisional Plasmas}},
    year = {1997},
    booktitle = {JOURNAL OF COMPUTATIONAL PHYSICS},
    author = {Mousseau, V A and Knoll, D A},
    pages = {308--323},
    volume = {136}
}

@article{Keskinen2009FullyInteractions,
    title = {{Fully kinetic fokker-planck model of thermal smoothing in nonuniform laser-target interactions}},
    year = {2009},
    journal = {Physical Review Letters},
    author = {Keskinen, M. J.},
    number = {5},
    pages = {1--4},
    volume = {103},
    doi = {10.1103/PhysRevLett.103.055001},
    issn = {00319007}
}

@article{Duclous2009HighApplications,
    title = {{High order resolution of the Maxwell-Fokker-Planck-Landau model intended for ICF applications}},
    year = {2009},
    journal = {Journal of Computational Physics},
    author = {Duclous, Roland and Dubroca, Bruno and Filbet, Francis and Tikhonchuk, Vladimir},
    number = {14},
    pages = {5072--5100},
    volume = {228},
    publisher = {Elsevier Inc.},
    url = {http://dx.doi.org/10.1016/j.jcp.2009.04.005},
    doi = {10.1016/j.jcp.2009.04.005},
    issn = {10902716},
    keywords = {Electron transport, Energy deposition, Fokker-Planck-Landau, High order numerical scheme, Inertial confinement regime, Magnetic field}
}

@article{Collyer2016ImportanceMethod,
    title = {{Importance sampling variance reduction for the Fokker–Planck rarefied gas particle method}},
    year = {2016},
    journal = {Journal of Computational Physics},
    author = {Collyer, B. S. and Connaughton, C. and Lockerby, D. A.},
    pages = {116--128},
    volume = {325},
    publisher = {Elsevier Inc.},
    url = {http://dx.doi.org/10.1016/j.jcp.2016.08.008},
    doi = {10.1016/j.jcp.2016.08.008},
    issn = {10902716},
    keywords = {Fokker–Planck equation, Rarefied gas flows, Variance reduction}
}

@article{Mijin2020KineticLayer,
    title = {{Kinetic and fluid simulations of parallel electron transport during equilibria and transients in the scrape-off layer}},
    year = {2020},
    journal = {Plasma Physics and Controlled Fusion},
    author = {Mijin, S. and Militello, F. and Newton, S. and Omotani, J. and Kingham, R. J.},
    number = {9},
    volume = {62},
    doi = {10.1088/1361-6587/ab9b39},
    issn = {13616587},
    keywords = {electron, fluid, kinetic, parallel, scrape-off layer, simulation}
}

@inproceedings{Wu2013KineticIgnition,
    title = {{Kinetic model for energy deposition in fast ignition}},
    year = {2013},
    booktitle = {EPJ Web of Conferences},
    author = {Wu, S. Z. and Zhang, H. and Zhou, C. T. and Zhu, S. P. and He, X. T.},
    volume = {59},
    isbn = {9782759810772},
    doi = {10.1051/epjconf/20135905021},
    issn = {21016275}
}

@article{Abel2008LinearizedTheory,
    title = {{Linearized model Fokker-Planck collision operators for gyrokinetic simulations. I. Theory}},
    year = {2008},
    journal = {Physics of Plasmas},
    author = {Abel, I. G. and Barnes, M. and Cowley, S. C. and Dorland, W. and Schekochihin, A. A.},
    number = {12},
    volume = {15},
    doi = {10.1063/1.3046067},
    issn = {1070664X},
    arxivId = {0808.1300}
}

@article{Crocker2003MeasurementPlasma,
    title = {{Measurement of the Current Sheet during Magnetic Reconnection in a Toroidal Plasma}},
    year = {2003},
    journal = {Physical Review Letters},
    author = {Crocker, N. A. and Fiksel, G. and Prager, S. C. and Sarff, J. S.},
    number = {3},
    pages = {4},
    volume = {90},
    doi = {10.1103/PhysRevLett.90.035003},
    issn = {10797114}
}

@article{Askari2015MeshlessEquation,
    title = {{Meshless method for the numerical solution of the Fokker-Planck equation}},
    year = {2015},
    journal = {Ain Shams Engineering Journal},
    author = {Askari, Maysam and Adibi, Hojatollah},
    number = {4},
    pages = {1211--1216},
    volume = {6},
    publisher = {Faculty of Engineering, Ain Shams University},
    url = {http://dx.doi.org/10.1016/j.asej.2015.04.012},
    doi = {10.1016/j.asej.2015.04.012},
    issn = {20904479},
    keywords = {Collocation, Fokker-Planck equation, Meshless method, Multiquadric}
}

@article{Rosin2014MultilevelCollisions,
    title = {{Multilevel Monte Carlo simulation of Coulomb collisions}},
    year = {2014},
    journal = {Journal of Computational Physics},
    author = {Rosin, M. S. and Ricketson, L. F. and Dimits, A. M. and Caflisch, R. E. and Cohen, B. I.},
    pages = {140--157},
    volume = {274},
    publisher = {Elsevier Inc.},
    url = {http://dx.doi.org/10.1016/j.jcp.2014.05.030},
    doi = {10.1016/j.jcp.2014.05.030},
    issn = {10902716},
    arxivId = {1310.3591},
    keywords = {Coulomb collisions, Monte Carlo, Multilevel Monte Carlo, Particle in cell, Plasma}
}

@article{Boozer2015Non-axisymmetricConfinement,
    title = {{Non-axisymmetric magnetic fields and toroidal plasma confinement}},
    year = {2015},
    journal = {Nuclear Fusion},
    author = {Boozer, Allen H.},
    number = {2},
    volume = {55},
    publisher = {IOP Publishing},
    doi = {10.1088/0029-5515/55/2/025001},
    issn = {17414326},
    keywords = {Magnetic field lines, Magnetic fusion, Non-equilibrium thermodynamics, Plasma optimization, Plasma transport, Stellarators, Tokamaks}
}

@article{Matte1988Non-MaxwellianPlasmas,
    title = {{Non-Maxwellian electron distributions and continuum X-ray emission in inverse Bremsstrahlung heated plasmas}},
    year = {1988},
    journal = {Plasma Physics and Controlled Fusion},
    author = {Matte, J. P. and Lamoureux, M. and Moller, C. and Yin, R. Y. and Delettrez, J. and Virmont, J. and Johnston, T. W.},
    number = {12},
    pages = {1665--1689},
    volume = {30},
    doi = {10.1088/0741-3335/30/12/004},
    issn = {07413335}
}

@article{Bell1985Non-SpitzerPlasma,
    title = {{Non-Spitzer heat flow in a steadily ablating laser-produced plasma}},
    year = {1985},
    journal = {Physics of Fluids},
    author = {Bell, A. R.},
    number = {6},
    pages = {2007--2014},
    volume = {28},
    doi = {10.1063/1.865378},
    issn = {10706631}
}

@article{Lesur2012NonlinearDiffusion,
    title = {{Nonlinear categorization of the energetic-beam-driven instability with drag and diffusion}},
    year = {2012},
    journal = {Nuclear Fusion},
    author = {Lesur, M. and Idomura, Y.},
    number = {9},
    volume = {52},
    doi = {10.1088/0029-5515/52/9/094004},
    issn = {00295515}
}

@article{Hou2018NonlinearTokamak,
    title = {{Nonlinear wave-particle interaction behaviors driven by energetic ions in the HL-2A Tokamak}},
    year = {2018},
    journal = {Nuclear Fusion},
    author = {Hou, Y. M. and Chen, W. and Yu, Y. and Lesur, M. and Duan, X. R. and Xu, M. and Ye, M. Y.},
    number = {9},
    volume = {58},
    doi = {10.1088/1741-4326/aacf46},
    issn = {17414326},
    keywords = {Alfv{\'{e}}n modes, energetic ions, frequency chirping properties}
}

@article{Crouseilles2004NumericalMethods,
    title = {{Numerical approximation of collisional plasmas by high order methods}},
    year = {2004},
    journal = {Journal of Computational Physics},
    author = {Crouseilles, Nicolas and Filbet, Francis},
    number = {2},
    pages = {546--572},
    volume = {201},
    doi = {10.1016/j.jcp.2004.06.007},
    issn = {00219991},
    keywords = {Finite difference methods, Landau-Fokker-Planck equation, Vlasov-Poisson system}
}

@article{Wollman2009NumericalDimensions,
    title = {{Numerical approximation of the Vlasov-Poisson-Fokker-Planck system in two dimensions}},
    year = {2009},
    journal = {Journal of Computational Physics},
    author = {Wollman, Stephen and Ozizmir, Ercument},
    number = {18},
    pages = {6629--6669},
    volume = {228},
    publisher = {Elsevier Inc.},
    url = {http://dx.doi.org/10.1016/j.jcp.2009.05.027},
    doi = {10.1016/j.jcp.2009.05.027},
    issn = {10902716},
    keywords = {Collisional plasma, Deterministic particle method, Two-dimensional Vlasov-Poisson-Fokker-Planck syste}
}

@article{Haack2023NumericalFrequency,
    title = {{Numerical schemes for a multi-species BGK model with velocity-dependent collision frequency}},
    year = {2023},
    journal = {Journal of Computational Physics},
    author = {Haack, Jeffrey and Hauck, Cory D and Klingenberg, Christian F and Pirner, Marlies and Warnecke, Sandra},
    month = {1},
    pages = {111729},
    volume = {473},
    url = {https://linkinghub.elsevier.com/retrieve/pii/S0021999122007926},
    doi = {10.1016/j.jcp.2022.111729},
    issn = {00219991}
}

@book{Diethelm2002NumericalEquation,
    title = {{Numerical solution of the Fokker-Planck equation}},
    year = {2002},
    booktitle = {Math Comp.},
    author = {Diethelm, K and Ford, N J},
    number = {3},
    pages = {490--507},
    volume = {42},
    keywords = {bagley, fractional differential equations, numerical meth-, torvik equation}
}

@article{Zheng2013OnSystem,
    title = {{On the singularity of the Vlasov-Poisson system}},
    year = {2013},
    journal = {Physics of Plasmas},
    author = {Zheng, Jian and Qin, Hong},
    number = {9},
    volume = {20},
    doi = {10.1063/1.4821831},
    issn = {1070664X}
}

@article{He2015PhysicalChina,
    title = {{Physical studies of fast ignition in China}},
    year = {2015},
    journal = {Plasma Physics and Controlled Fusion},
    author = {He, X. T. and Cai, Hong Bo and Wu, Si Zhong and Cao, Li Hua and Zhang, Hua and He, Ming Qing and Chen, Mo and Wu, Jun Feng and Zhou, Cang Tao and Zhou, Wei Min and Shan, Lian Qiang and Wang, Wei Wu and Zhang, Feng and Bi, Bi and Zhao, Zong Qing and Gu, Yu Qiu and Zhang, Bao Han and Wang, Wei and Fang, Zhi Heng and Lei, An Le and Wang, Chen and Pei, Wen Bing and Fu, Si Zu},
    number = {6},
    volume = {57},
    doi = {10.1088/0741-3335/57/6/064003},
    issn = {13616587},
    keywords = {advanced fast ignition target design, fast ignition, relativistic electron beam}
}

@article{Markham2021ProgressOperator,
    title = {{Progress and Plans for the Nonlinear Relativistic Collision Operator}},
    year = {2021},
    author = {Markham, Tyler and Held, Eric and Ji, Jeong-Young and Spenser, Andrew}
}

@article{Brambilla1994Quasi-linearTokamaks,
    title = {{Quasi-linear ion distribution function during ion cyclotron heating in tokamaks}},
    year = {1994},
    journal = {Nuclear Fusion},
    author = {Brambilla, M.},
    number = {8},
    pages = {1121--1143},
    volume = {34},
    doi = {10.1088/0029-5515/34/8/I06},
    issn = {00295515}
}

@article{Kazem2012RadialEquation,
    title = {{Radial basis functions methods for solving FokkerPlanck equation}},
    year = {2012},
    journal = {Engineering Analysis with Boundary Elements},
    author = {Kazem, S. and Rad, J. A. and Parand, K.},
    number = {2},
    pages = {181--189},
    volume = {36},
    publisher = {Elsevier},
    url = {http://dx.doi.org/10.1016/j.enganabound.2011.06.012},
    doi = {10.1016/j.enganabound.2011.06.012},
    issn = {09557997},
    keywords = {FokkerPlanck equation, Meshless, Radial basis functions}
}

@article{Guo2020RecentRegime,
    title = {{Recent progress on particle acceleration and reconnection physics during magnetic reconnection in the magnetically-dominated relativistic regime}},
    year = {2020},
    journal = {Physics of Plasmas},
    author = {Guo, Fan and Liu, Yi Hsin and Li, Xiaocan and Li, Hui and Daughton, William and Kilian, Patrick},
    number = {8},
    volume = {27},
    publisher = {AIP Publishing LLC},
    doi = {10.1063/5.0012094},
    issn = {10897674},
    arxivId = {2006.15288}
}

@article{Kho1985RelaxationParticles,
    title = {{Relaxation of a system of charged particles}},
    year = {1985},
    journal = {Physical Review A},
    author = {Kho, T. H.},
    number = {1},
    pages = {666--669},
    volume = {32},
    doi = {10.1103/PhysRevA.32.666},
    issn = {10502947}
}

@article{Steinhauer2011ReviewConfigurations,
    title = {{Review of field-reversed configurations}},
    year = {2011},
    journal = {Physics of Plasmas},
    author = {Steinhauer, Loren C.},
    number = {7},
    volume = {18},
    doi = {10.1063/1.3613680},
    issn = {1070664X}
}

@article{Arber2010SimpleTransport,
    title = {{Simple collision operators for direct Vlasov simulations of laser plasma interaction and transport}},
    year = {2010},
    journal = {Journal of Physics: Conference Series},
    author = {Arber, T. D. and Sircombe, N. J.},
    number = {PART 2},
    volume = {244},
    doi = {10.1088/1742-6596/244/2/022017},
    issn = {17426596}
}

@article{Rathmann1975SimulationPlasmas,
    title = {{Simulation of collisional effects in plasmas}},
    year = {1975},
    journal = {Journal of Computational Physics},
    author = {Rathmann, C.E. and Denavit, J.},
    number = {2},
    month = {6},
    pages = {165--187},
    volume = {18},
    url = {https://linkinghub.elsevier.com/retrieve/pii/0021999175900273},
    doi = {10.1016/0021-9991(75)90027-3},
    issn = {00219991}
}

@article{Brambilla2006SimulationSolvers,
    title = {{Simulation of ion cyclotron heating of tokamak plasmas using coupled Maxwell and quasilinear-Fokker-Planck solvers}},
    year = {2006},
    journal = {Nuclear Fusion},
    author = {Brambilla, M. and Bilato, R.},
    number = {7},
    volume = {46},
    doi = {10.1088/0029-5515/46/7/S01},
    issn = {00295515}
}

@article{Zhao2018SimulationsWaves,
    title = {{Simulations of nonlocal electron transport in cylindrical and spherical thermal waves}},
    year = {2018},
    journal = {High Energy Density Physics},
    author = {Zhao, Bin and Hu, Guang Yue and Zheng, Jian and Ding, Yongkun},
    number = {April},
    pages = {1--6},
    volume = {28},
    doi = {10.1016/j.hedp.2018.06.001},
    issn = {15741818},
    keywords = {Fokker–Planck simulation, Heat flux, Inertial confinement fusion, Nonlocal electron transport}
}

@article{Lemons2009Small-angleSimulations,
    title = {{Small-angle Coulomb collision model for particle-in-cell simulations}},
    year = {2009},
    journal = {Journal of Computational Physics},
    author = {Lemons, Don S. and Winske, Dan and Daughton, William and Albright, Brian},
    number = {5},
    pages = {1391--1403},
    volume = {228},
    publisher = {Elsevier Inc.},
    url = {http://dx.doi.org/10.1016/j.jcp.2008.10.025},
    doi = {10.1016/j.jcp.2008.10.025},
    issn = {10902716},
    keywords = {Collision algorithm, Coulomb collisions in plasmas, Numerical methods, Particle-in-cell simulation, Plasma simulations, Stochastic differential equations}
}

@article{Li2010StudyAblation,
    title = {{Study of flux limiter using Fokker-Planck and fluid simulations of planar laser-driven ablation}},
    year = {2010},
    journal = {Plasma Physics and Controlled Fusion},
    author = {Li, Jun and Zhao, Bin and Li, Hong and Zheng, Jian},
    number = {8},
    volume = {52},
    doi = {10.1088/0741-3335/52/8/085008},
    issn = {07413335}
}

@book{Risken1989TheEquation,
    title = {{The Fokker-Planck Equation}},
    year = {1989},
    author = {Risken, Hannes},
    pages = {486},
    series = {Springer Series in Synergetics},
    volume = {18},
    publisher = {Springer},
    url = {http://link.springer.com/10.1007/978-3-642-61544-3},
    address = {Berlin, Heidelberg},
    isbn = {978-3-540-61530-9},
    doi = {10.1007/978-3-642-61544-3}
}

@article{Lemos2019TheControl,
    title = {{The Fokker-Planck equation in estimation and control}},
    year = {2019},
    journal = {IFAC-PapersOnLine},
    author = {Lemos, João M. and Gir{\~{a}}o, João and Silva, António S. and Marques, Jorge S.},
    number = {7},
    pages = {91--95},
    volume = {52},
    doi = {10.1016/j.ifacol.2019.07.016},
    issn = {24058963},
    keywords = {Fokker-Planck equation, Nonlinear estimation, dual adaptive control, group estimation, stochastic agents}
}

@article{Sherlock2009TheFusion,
    title = {{The persistence of Maxwellian D and T distributions during burn in inertial confinement fusion}},
    year = {2009},
    journal = {High Energy Density Physics},
    author = {Sherlock, M. and Rose, S. J.},
    number = {1-2},
    pages = {27--30},
    volume = {5},
    publisher = {Elsevier Ltd},
    url = {http://dx.doi.org/10.1016/j.hedp.2008.11.001},
    doi = {10.1016/j.hedp.2008.11.001},
    issn = {15741818},
    keywords = {Fokker-Planck, Fusion reactions, Inertial confinement fusion}
}

@article{Robinson2014TheoryIgnition,
    title = {{Theory of fast electron transport for fast ignition}},
    year = {2014},
    journal = {Nuclear Fusion},
    author = {Robinson, A. P.L. and Strozzi, D. J. and Davies, J. R. and Gremillet, L. and Honrubia, J. J. and Johzaki, T. and Kingham, R. J. and Sherlock, M. and Solodov, A. A.},
    number = {5},
    volume = {54},
    doi = {10.1088/0029-5515/54/5/054003},
    issn = {17414326},
    arxivId = {1304.1040}
}

@article{Sunahara2003Time-DependentImplosions,
    title = {{Time-Dependent Electron Thermal Flux Inhibition in Direct-Drive Laser Implosions}},
    year = {2003},
    journal = {Physical Review Letters},
    author = {Sunahara, A. and Delettrez, J. A. and Stoeckl, C. and Short, R. W. and Skupsky, S.},
    number = {9},
    pages = {1--4},
    volume = {91},
    doi = {10.1103/PhysRevLett.91.095003},
    issn = {10797114}
}

@article{Joglekar2018ValidationPhysics,
    title = {{Validation of OSHUN against collisionless and collisional plasma physics}},
    year = {2018},
    journal = {Plasma Physics and Controlled Fusion},
    author = {Joglekar, Archis S. and Winjum, Benjamin J. and Tableman, Adam and Wen, Han and Tzoufras, Michail and Mori, Warren B.},
    number = {6},
    volume = {60},
    publisher = {IOP Publishing},
    doi = {10.1088/1361-6587/aab978},
    issn = {13616587},
    keywords = {Vlasov-Fokker-Planck, cartesian tensor, kinetic modeling, spherical harmonic}
}

@article{Robson1986VelocityEquation,
    title = {{Velocity distribution function and transport coefficients of electron swarms in gases: Spherical-harmonics decomposition of Boltzmanns equation}},
    year = {1986},
    journal = {Physical Review A},
    author = {Robson, R. E. and Ness, K. F.},
    number = {3},
    pages = {2068--2077},
    volume = {33},
    doi = {10.1103/PhysRevA.33.2068},
    issn = {10502947}
}